<record><leader>00000cas a22000007a 4500</leader><controlfield tag="001">17693505</controlfield><controlfield tag="008">880329d18731874iauwr ne      0    0eng d</controlfield><datafield ind1=" " ind2=" " tag="010"><subfield code="a">sn 88059523 </subfield></datafield><datafield ind1=" " ind2=" " tag="040"><subfield code="a">INP</subfield><subfield code="b">eng</subfield><subfield code="c">INP</subfield><subfield code="d">MGN</subfield><subfield code="d">OCLCQ</subfield></datafield><datafield ind1=" " ind2=" " tag="042"><subfield code="a">msc</subfield></datafield><datafield ind1="0" ind2=" " tag="130"><subfield code="a">Wheatland news (Wheatland, Iowa : 1873)</subfield></datafield><datafield ind1="1" ind2="4" tag="245"><subfield code="a">The Wheatland news.</subfield></datafield><datafield ind1=" " ind2=" " tag="260"><subfield code="a">Wheatland, Clinton Co., Iowa :</subfield><subfield code="b">Carothers &amp; Sansom</subfield></datafield><datafield ind1=" " ind2=" " tag="300"><subfield code="a">v.</subfield></datafield><datafield ind1=" " ind2=" " tag="310"><subfield code="a">Weekly</subfield></datafield><datafield ind1="1" ind2=" " tag="362"><subfield code="a">Began in Nov. 1873.</subfield></datafield><datafield ind1=" " ind2=" " tag="515"><subfield code="a">Suspended because of fire prior to Aug. 6, 1874 when title changed and partnership to Sansom was dissolved.</subfield></datafield><datafield ind1=" " ind2=" " tag="588"><subfield code="a">Description based on: July 9, 1874.</subfield></datafield><datafield ind1=" " ind2=" " tag="752"><subfield code="a">United States</subfield><subfield code="b">Iowa</subfield><subfield code="c">Clinton</subfield><subfield code="d">Wheatland.</subfield></datafield><datafield ind1="0" ind2="0" tag="785"><subfield code="t">Wheatland weekly news</subfield><subfield code="w">(DLC)sn 84038608</subfield></datafield></record>